@STRING{cacm	= "Communications of the Association for Computing Machinery" }
@STRING{cacm	= "Communications of the Association for Computing Machinery" }
@STRING{cacmurl	= "http://www.acm.org/pubs/cacm/" }
@STRING{cacmurl	= "http://www.acm.org/pubs/cacm/" }
@STRING{ieee	= "{Institute of Electronic and Electrical Engineers (IEEE)}" }
@STRING{ieee	= "{Institute of Electronic and Electrical Engineers (IEEE)}" }
@STRING{ietf	= "{IETF}" }
@STRING{ietf	= "{Internet Engineering Task Force}" }
@STRING{ietf	= "{IETF}" }
@STRING{ietf	= "{IETF}" }
@STRING{ietf	= "{Internet Engineering Task Force}" }
@STRING{ietf	= "{IETF}" }
@STRING{jsac	= "IEEE Journal on Selected Areas in Communication" }
@STRING{jsacurl	= "http://www.argreenhouse.com/society/J-SAC/past.html" }
@STRING{jsacurl	= "http://www.argreenhouse.com/society/J-SAC/past.html" }
@STRING{secpriv	= "IEEE Security and Privacy" }
@STRING{secpriv	= "IEEE Security and Privacy" }
@STRING{secprivurl="http://www.computer.org/security/" }
@STRING{secprivurl="http://www.computer.org/security/" }
@STRING{tocs	= "ACM Transactions on Computer Systems" }
@STRING{tocs	= "ACM Transactions on Computer Systems" }
@STRING{tocsurl	= "http://www.acm.org/tocs/" }
@STRING{tocsurl	= "http://www.acm.org/tocs/" }
@STRING{ton	= "IEEE/ACM Transactions on Networking" }
@STRING{ton	= "IEEE/ACM Transactions on Networking" }
@STRING{tonurl	= "http://www.acm.org/ton/" }
@STRING{tonurl	= "http://www.acm.org/ton/" }

% barath's strings
@STRING{pendingwosn = "Proceedings of {ACM} {WOSN} (to appear)" }
@STRING{ancs = "Proceedings of {ACM} {ANCS}" }
@STRING{wosn = "Proceedings of {ACM} {WOSN}" }
@STRING{sigcomm = "Proceedings of {ACM} {SIGCOMM}" }
@STRING{infocom = "Proceedings of {IEEE} {INFOCOM}" }
@STRING{icnp = "Proceedings of {IEEE} {ICNP}" }
@STRING{oakland = "Proceedings of {IEEE} {Security} and {Privacy}" }
@STRING{sosp = "Proceedings of {ACM} {SOSP}" }
@STRING{osdi = "Proceedings of {USENIX/ACM} {OSDI}" }
@STRING{nsdi = "Proceedings of {USENIX/ACM} {NSDI}" }
@STRING{ccs = "Proceedings of {ACM} {CCS}" }
@STRING{ccr = "{ACM} {SIGCOMM} {CCR}"}
@STRING{eurocrypt = "Proceedings of {EUROCRYPT}"}
@STRING{crypto = "Proceedings of {CRYPTO}"}
@STRING{asiacrypt = "Proceedings of {ASIACRYPT}"}
@STRING{pkc = "Proceedings of {PKC}"}
@STRING{usenix = "Proceedings of {USENIX}"}
@STRING{ndss = "Proceedings of {ISOC} {NDSS}"}
@STRING{hotnets = "Proceedings of {ACM} {HotNets}"}
@STRING{icdcs = "Proceedings of {IEEE} {International Conference on Distributed Computing Systems}"}
IEEE Journal on Selected Areas in Communications
@STRING{wosn = "Proceedings of {ACM} {WOSN}"}
@STRING{widm = "Proceedings of {ACM} {WIDM}"}
@STRING{pendingusec = "Proceedings of {USENIX} Security (to appear)"}

@inproceedings{cloudsweeper,
  author={Peter Snyder and Chris Kanich},
  title={Cloudsweeper: Enabling Data-Centric Document Management for Secure Cloud Archives.},
  year=2013,
  booktitle={Proceedings of the ACM Cloud Computing Security Workshop}
}


@inproceedings{csgcasr,
  author={Peter Snyder and Chris Kanich},
  title={Cloudsweeper: Enabling Data-Centric Document Management for Secure Cloud Archives.},
  publisher={Greater Chicago Area Systems Research Workshop (GCASR)},
  year=2014,
  notes={POSTER}
}

@inproceedings{cscodaspy,
  author={Peter Snyder and Chris Kanich},
  title={One Thing Leads To Another: Credential Based Privilege Escalation.},
  publisher={ACM Conference on Data and Application Security and Privacy (CODASPY)},
  year=2015,
  notes={POSTER}
}
