@inproceedings{chouaki2023search,
  author={Salim Chouaki and Oana Goga and Hamed Haddadi and Peter Snyder},
  title={Understanding the Privacy Risks of Popular Search Engine Advertising Systems},
  booktitle={ACM Internet Measurement Conference},
  year={2023},
  organization={IMC}
}

@inproceedings{mcquistin2023psl,
  author={Stephen McQuistin and Peter Snyder and Colin Perkins and Hamed Haddadi and Gareth Tyson},
  title={A First Look At The Privacy Harms Of The Public Suffix List},
  booktitle={ACM Internet Measurement Conference},
  year={2023},
  organization={IMC}
}

@inproceedings{snyder2023poolparty,
  author={Peter Snyder and Soroush Karami and Arthur Edelstein and Ben Livshits and Hamed Haddadi},
  title={Pool-Party: Exploiting Browser Resource Pools For Web Tracking},
  booktitle={USENIX Security Symposium},
  year={2023},
  organization={USENIX}
}

@inproceedings{randall2022uid,
  author={Audrey Randall and Peter Snyder and Alisha Ukani and Alex C. Snoeren and Geoffrey M. Voelker and Stefan Savage and Aaron Schulman},
  title={Measuring UID Smuggling In The Wild},
  booktitle={ACM Internet Measurement Conference},
  year={2022},
  organization={IMC}
}

@inproceedings{davidson2022star,
  author={Alex Davidson and Peter Snyder and E. V. Quirk and Joseph Genereux and Ben Livshits and Hamed Haddadi},
  title={STAR: Secret Sharing For Private Threshold Aggregation Reporting},
  booktitle={ACM Conference on Computer and Communications Security},
  year={2022},
  organization={CCS}
}

@inproceedings{smith2022blocked,
  author={Michael Smith and Peter Snyder and Moritz Haller and Ben Livshits and Hamed Haddadi and Deian Stefan},
  title={Blocked Or Broken? Automatically Detecting When Privacy Interventions Break Websites},
  booktitle={Privacy Enhancing Technologies Symposium},
  year={2022},
  organization={PETS}
}

@inproceedings{jueckstock2022stateful,
  author={Jordan Jueckstock and Peter Snyder and Shaown Sarker and Alexandros Kapravelos and Ben Livshits},
  title={Measuring The Privacy Vs. Compatibility Trade-Off In Preventing Third-Party Stateful Tracking},
  booktitle={The Web Conference},
  year={2022},
  organization={WWW}
}

@inproceedings{smith2021sugarcoat,
  author={Michael Smith and Peter Snyder and Ben Livshits and Deian Stefan},
  title={SugarCoat: Programmatically Generating Privacy-Preserving, Web-Compatible Resource Replacements For Content Blocking},
  booktitle={ACM Conference on Computer and Communications Security},
  year={2021},
  organization={CCS}
}

@inproceedings{jueckstock2021measurements,
  author={Jordan Jueckstock and Shaown Sarker and Peter Snyder and Aidan Beggs and Panagiotis Papadopoulos and Matteo Varvello and Ben Livshits and Alexandros Kapravelos},
  title={Towards Realistic And Reproducible Web Crawl Measurements},
  booktitle={The Web Conference},
  year={2021},
  organization={WWW}
}

@inproceedings{chen2021javascriptsigs,
  author={Quan Chen and Peter Snyder and Ben Livshits and Alexandros Kapravelos},
  title={Detecting Filter List Evasion With Event-Loop-Turn Granularity JavaScript Signatures},
  booktitle={IEEE Symposium on Security and Privacy},
  year={2021},
  organization={S\&P}
}

@inproceedings{snyder2020filters,
  author={Peter Snyder and Antoine Vastel and Ben Livshits},
  title={Who Filters The Filters: Understanding The Growth, Usefulness And Efficiency Of Crowdsourced Ad Blocking},
  booktitle={ACM Special Interest Group on Measurement and Evaluation},
  year={2020},
  organization={SIGMETRICS}
}

@inproceedings{sjosten2020generation,
  author={Alexander Sjosten and Peter Snyder and Antonio Pastor and Panagiotis Papadopoulos and Ben Livshits},
  title={Filter List Generation For Underserved Regions},
  booktitle={The Web Conference},
  year={2020},
  organization={WWW}
}

@inproceedings{papadopoulos2020paywalls,
  author={Panagiotis Papadopoulos and Peter Snyder and Dimitrios Athanasakis and Ben Livshits},
  title={Keeping Out The Masses: Understanding The Popularity And Implications Of Internet Paywalls},
  booktitle={The Web Conference},
  year={2020},
  organization={WWW}
}

@inproceedings{iqbal2020adgraph,
  author={Umar Iqbal and Peter Snyder and Shitong Zhu and Ben Livshits and Zhiyun Qian and Zubair Shafiq},
  title={AdGraph: A Machine Learning Approach To Automatic And Effective Adblocking},
  booktitle={IEEE Symposium on Security and Privacy},
  year={2020},
  organization={S\&P}
}

@inproceedings{ghasemisharif2019speedreader,
  author={Mohammad Ghasemisharif and Peter Snyder and Andrius Aucinas and Ben Livshits},
  title={SpeedReader: Reader Mode Made Fast And Private},
  booktitle={The Web Conference},
  year={2019},
  organization={WWW}
}

@inproceedings{snyder2016browser,
  title={Browser Feature Usage on The Modern Web},
  author={Snyder, Peter and Ansari, Lara and Taylor, Cynthia and Kanich, Chris},
  booktitle={ACM Internet Measurement Conference},
  year={2016},
  organization={IMC}
}

@inproceedings{snyder2014yao,
  title={Yao's Garbled Circuits: Recent Directions and Implementations},
  author={Peter Snyder},
  booktitle={Written Critique and Presentation Exam (qualifier) Report},
  year={2014}
}

@inproceedings{clark2015saw,
  title={I Saw Images I Didn't Even Know I Had: Understanding User Perceptions of Cloud Storage Privacy},
  author={Clark, Jason W and Snyder, Peter and McCoy, Damon and Kanich, Chris},
  booktitle={Proceedings of the 33rd ACM Conference on Human Factors in Computing Systems},
  year={2015},
  organization={CHI}
}

@inproceedings{snyder2017cdf,
  title={CDF: Predictably Secure Web Documents},
  author={Snyder, Peter and Watiker, Laura and Taylor, Cynthia and Kanich, Chris},
  booktitle={IEEE Workshop on Technology and Consumer Protection},
  year={2017},
  organization={ConPro}
}

@inproceedings{snyder2017doxing,
  title={Fifteen Minutes of Unwanted Fame: Detecting and Characterizing Doxing},
  author={Snyder, Peter and Doerfler, Periwinkle and Kanich, Chris and McCoy, Damon},
  booktitle={ACM Internet Measurement Conference},
  year={2017},
  organization={IMC}
}

@inproceedings{snyder2017browser,
  title={Most Websites Don't Need to Vibrate: A Cost-Benefit Approach to Improving Browser Security},
  author={Snyder, Peter and Taylor, Cynthia and Kanich, Chris},
  booktitle={ACM Conference on Computer and Communications Security},
  year={2017},
  organization={CCS}
}

@article{snyder2016characterizing,
  title={Characterizing Fraud and Its Ramifications in Affiliate Marketing Networks},
  author={Snyder, Peter and Kanich, Chris},
  journal={Journal of Cybersecurity},
  year={2016},
}

@inproceedings{snyder2016phishing,
  title={The Effect of Repeated Login Prompts on Phishing Susceptibility},
  author={Snyder, Peter and Kanich, Chris and Reiter, Michael K},
  booktitle={Workshop on Learning from Authoritative Security Experiment Results},
  organization={LASER},
  year={2016}
}

@article{snyder2014cloudsweeper,
  title={Cloudsweeper and Data-centric Security},
  author={Snyder, Peter and Kanich, Chris},
  journal={ACM SIGCAS Computers and Society},
  year={2014}
}

@inproceedings{snyder2013cloudsweeper,
  author={Peter Snyder and Chris Kanich},
  title={Cloudsweeper: Enabling Data-Centric Document Management for Secure Cloud Archives},
  booktitle={ACM Workshop on Cloud Computing Security},
  year={2013},
  organization={CCSW}
}

@inproceedings{snyder2015no,
  title={No Please, After You: Detecting Fraud in Affiliate Marketing Networks},
  author={Snyder, Peter and Kanich, Chris},
  booktitle={Workshop on the Economics of Information Security},
  organization={WEIS},
  year={2015}
}

